<?xml version="1.0" encoding="UTF-8"?><record xmlns="http://www.loc.gov/MARC21/slim" xmlns:cinclude="http://apache.org/cocoon/include/1.0" xmlns:zs="http://www.loc.gov/zing/srw/">
  <leader>00295nz  a2200121n  4500</leader>
  <controlfield tag="001">n 2005049916</controlfield>
  <controlfield tag="003">DLC</controlfield>
  <controlfield tag="005">20050707171658.0</controlfield>
  <controlfield tag="008">050707n| acannaabn          |n aaa      </controlfield>
  <datafield tag="010" ind1=" " ind2=" ">
    <subfield code="a">n 2005049916</subfield>
  </datafield>
  <datafield tag="040" ind1=" " ind2=" ">
    <subfield code="a">DLC</subfield>
    <subfield code="b">eng</subfield>
    <subfield code="c">DLC</subfield>
  </datafield>
  <datafield tag="100" ind1="1" ind2=" ">
    <subfield code="a">Scaplehorn, Geoff</subfield>
  </datafield>
  <datafield tag="670" ind1=" " ind2=" ">
    <subfield code="a">Sins, 2003:</subfield>
    <subfield code="b">t.p. (Geoff Scaplehorn)</subfield>
  </datafield>
</record>